<record><leader>00000cas a22000007a 4500</leader><controlfield tag="001">13547300</controlfield><controlfield tag="008">860508d18971933nvuwr ne      0    0eng d</controlfield><datafield ind1=" " ind2=" " tag="010"><subfield code="a">sn 86091467 </subfield></datafield><datafield ind1=" " ind2=" " tag="040"><subfield code="a">UNP</subfield><subfield code="b">eng</subfield><subfield code="c">UNP</subfield><subfield code="d">NNX</subfield><subfield code="d">OCLCQ</subfield></datafield><datafield ind1=" " ind2=" " tag="042"><subfield code="a">msc</subfield></datafield><datafield ind1=" " ind2="4" tag="050"><subfield code="a">AN2.N3</subfield><subfield code="b">N48</subfield></datafield><datafield ind1="0" ind2="0" tag="245"><subfield code="a">Nevada state herald.</subfield></datafield><datafield ind1="1" ind2="3" tag="246"><subfield code="a">Daily Nevada state herald</subfield></datafield><datafield ind1=" " ind2=" " tag="260"><subfield code="a">Wells, Nev. :</subfield><subfield code="b">Nevada State Herald Print. and Pub. Co.,</subfield><subfield code="c">1897-</subfield></datafield><datafield ind1=" " ind2=" " tag="300"><subfield code="a">v. :</subfield><subfield code="b">ill.</subfield></datafield><datafield ind1=" " ind2=" " tag="310"><subfield code="a">Weekly</subfield></datafield><datafield ind1=" " ind2=" " tag="321"><subfield code="a">Daily (except Sun.),</subfield><subfield code="b">Apr. 25, 1898-Apr. 26, 1898</subfield></datafield><datafield ind1="0" ind2=" " tag="362"><subfield code="a">Vol. 1, no. 1 (Mar. 19, 1897)-v. 2, no. 5 (Apr. 15, 1898); v. 2, no. 7 (Apr. 29, 1898)-</subfield></datafield><datafield ind1="1" ind2=" " tag="362"><subfield code="a">Ceased in Oct. 1933.</subfield><subfield code="z">Cf. Lingenfelter, R.E. Newspapers of Nev.</subfield></datafield><datafield ind1=" " ind2=" " tag="500"><subfield code="a">Title varies slightly: Daily Nevada state herald, Apr. 25, 1898-Apr. 26, 1898.</subfield></datafield><datafield ind1=" " ind2=" " tag="500"><subfield code="a">Publisher: July 5, 1901-Apr. 29, 1921, P.S. Triplett; May 6, 1921-Dec. 10, 1926, F. Triplett and C.J. Triplett; Dec. 15, 1926-Oct. 5, 1928, C.J. Triplett; Oct. 12, 1928-May 24, 1929, C.J. Triplett and W.R. Keegan; May 31, 1929-&lt;Apr. 14, 1933&gt;, C.J. Triplett.</subfield></datafield><datafield ind1=" " ind2=" " tag="515"><subfield code="a">Frequent misnumbering.</subfield></datafield><datafield ind1=" " ind2=" " tag="525"><subfield code="a">Supplements accompany some issues.</subfield></datafield><datafield ind1=" " ind2=" " tag="752"><subfield code="a">United States</subfield><subfield code="b">Nevada</subfield><subfield code="c">Elko</subfield><subfield code="d">Wells.</subfield></datafield></record>